@inproceedings{Ahmad2023towards,
  title={Towards human-bot collaborative software architecting with chatgpt},
  author={Ahmad, Aakash and Waseem, Muhammad and Liang, Peng and Fahmideh, Mahdi and Aktar, Mst Shamima and Mikkonen, Tommi},
  booktitle={EASE '23: Proceedings of the 27th International Conference on Evaluation and Assessment in Software Engineering},
  doi = {10.48550/arXiv.2302.14600},
  pages={279--285},
  publisher={Association for Computing MachineryNew YorkNYUnited States},
  year={2023},
  month={2},
  address = {New York, NY, USA},
  location = {Oulu, Finland} 
}
@book{Alexander1977,
  title={The timeless way of building},
  author={Alexander, Christopher},
  volume={1},
  year={1977},
  publisher={New york: Oxford university press}
}
@inproceedings{Naghdipour2021,
  title={Ontology-based design pattern selection},
  author={Ameneh Naghdipour,  Seyed Mohammad Hossein Hasheminejad},
  booktitle={2021 26th International Computer Conference, Computer Society of Iran (CSICC)},
  pages={1--7},
  year={2021},
  organization={IEEE}
}
@article{Avramenko2004,
  title={Selection of internals for reactive distillation column—case-based reasoning approach},
  author={Avramenko, Yuri and Nystr{\"o}m, Lars and Kraslawski, Andrzej},
  journal={Computers \& chemical engineering},
  volume={28},
  number={1-2},
  pages={37--44},
  year={2004},
  publisher={Elsevier}
}
@inproceedings{Awoyemi2017,
  title={Credit card fraud detection using machine learning techniques: A comparative analysis},
  author={Awoyemi, John O and Adetunmbi, Adebayo O and Oluwadare, Samuel A},
  booktitle={2017 international conference on computing networking and informatics (ICCNI)},
  pages={1--9},
  year={2017},
  organization={IEEE}
}
@article{Barros2018,
title = {Software patterns and requirements engineering activities in real-world settings: A systematic mapping study},
journal = {Computer Standards \& Interfaces},
volume = {58},
pages = {23-42},
year = {2018},
issn = {0920-5489},
doi = {https://doi.org/10.1016/j.csi.2017.12.001},
url = {https://www.sciencedirect.com/science/article/pii/S0920548917303173},
author = {José L. Barros-Justo and Fabiane B.V. Benitti and Ania L. Cravero-Leal}
}
@book{bass2003software,
  title     = "Software Architecture in Practice",
  author    = "Bass, Len and Clements, Paul and Kazman, Rick",
  publisher = "Addison-Wesley Educational",
  series    = "SEI series in software engineering",
  edition   =  2,
  month     =  apr,
  year      =  2003,
  address   = "Boston, MA",
  language  = "en"
}


@inproceedings{Beck1987,
  title={Using pattern languages for object-oriented programs},
  author={Beck, Kent},
  booktitle={OOPSLA-87 workshop on the Specification and Design for Object-Oriented Programming},
  year={1987}
}
@inproceedings{Becker2017,
author = {C. Becker and D. Walker and C. McCord},
booktitle = {2017 IEEE/ACM 10th International Workshop on Cooperative and Human Aspects of Software Engineering (CHASE)},
title = {Intertemporal Choice: Decision Making and Time in Software Engineering},
year = {2017},
volume = {1},
issn = {},
pages = {23-29},
keywords = {},
doi = {10.1109/CHASE.2017.6},
url = {https://doi.ieeecomputersociety.org/10.1109/CHASE.2017.6},
publisher = {IEEE Computer Society},
address = {Los Alamitos, CA, USA},
month = {5}
}
@book{Bellemare2020,
  title={Building Event-Driven Microservices},
  author={Bellemare, Adam},
  year={2020},
  publisher={" O'Reilly Media, Inc."}
}
@inproceedings{Bender2021,
  title={On the Dangers of Stochastic Parrots: Can Language Models Be Too Big?},
  author={Bender, Emily M and Gebru, Timnit and McMillan-Major, Angelina and Shmitchell, Shmargaret},
  booktitle={Proceedings of the 2021 ACM conference on fairness, accountability, and transparency},
  pages={610--623},
  year={2021}
}
@article{Biswas2023,
  title={Role of Chat GPT in Public Health},
  author={Biswas, Som S},
  journal={Annals of Biomedical Engineering},
  pages={1--2},
  year={2023},
  publisher={Springer}
}
@inproceedings{Blomqvist2008,
  title={Pattern ranking for semi-automatic ontology construction},
  author={Blomqvist, Eva},
  booktitle={Proceedings of the 2008 ACM symposium on Applied computing},
  pages={2248--2255},
  year={2008}
}
@book{Boner2017,
  title={Reactive Microsystems: The Evolution of Microservices at Scale},
  author={Bon{\'e}r, Jonas},
  year={2017},
  publisher={O'Reilly Media}
}
@inproceedings{Bou2018,
  title={Design pattern ranking based on the design pattern intent ontology},
  author={Bou, Channa and Laosen, Nasith and Nantajeewarawat, Ekawit},
  booktitle={Intelligent Information and Database Systems: 10th Asian Conference, ACIIDS 2018, Dong Hoi City, Vietnam, March 19-21, 2018, Proceedings, Part I 10},
  pages={25--35},
  year={2018},
  organization={Springer}
}
@article{Bouassida2015,
  title={An Interactive Design Pattern Selection Method.},
  author={Bouassida, Nadia and Jamoussi, Salma and Msaed, Ahmed and Ben-Abdallah, Han{\^e}ne},
  journal={J. Univers. Comput. Sci.},
  volume={21},
  number={13},
  pages={1746--1766},
  year={2015}
}
@inproceedings{Bouassida2011,
  title={A design pattern recommendation approach},
  author={Bouassida, Nadia and Kouas, Afef and Ben-Abdallah, Han{\^e}ne},
  booktitle={2011 IEEE 2nd International Conference on Software Engineering and Service Science},
  pages={590--593},
  year={2011},
  organization={IEEE}
}
@article{Bouhours2015,
  title={Spoiled patterns: how to extend the GoF},
  author={Bouhours, C{\'e}dric and Leblanc, Herv{\'e} and Percebois, Christian},
  journal={Software Quality Journal},
  volume={23},
  pages={661--694},
  year={2015},
  publisher={Springer}
}
@article{Brown2020,
  title={Language models are few-shot learners},
  author={Brown, Tom and Mann, Benjamin and Ryder, Nick and Subbiah, Melanie and Kaplan, Jared D and Dhariwal, Prafulla and Neelakantan, Arvind and Shyam, Pranav and Sastry, Girish and Askell, Amanda and others},
  journal={Advances in neural information processing systems},
  volume={33},
  pages={1877--1901},
  year={2020}
}
@BOOK{buschmann2007pattern,
  title     = "Pattern-Oriented Software Architecture: On Patterns and
               Pattern Languages",
  author    = "Buschmann, Frank and Henney, Kevin and Schmidt, Douglas C",
  publisher = "John Wiley \& Sons",
  series    = "Pattern-Oriented Software Architecture",
  month     =  apr,
  year      =  2007,
  volume    =  {5},
  address   = "Nashville, TN",
  language  = "en"
}

@book{buschmann1996pattern,
  title={Pattern-Oriented Software Architecture, A System of Patterns},
  author={Buschmann, Frank and Meunier, Regine and Rohnert, Hans and Sommerlad, Peter and Stal, Michael},
  isbn={9780471958697},
  lccn={96196873},
  series={EBL-Schweitzer},
  pages={457},  
  year={1996},
  publisher={Wiley}
}
@article{Wickens2015,
    author = {C.Wickens and B. Clegg and A. Vieane and A. Sebok},
    title = {complacency and automation bias in the use of imperfect automation}, 
    journal = {Human Factors the Journal of the Human Factors and Ergonomics Society}, 
    year = {2015}, 
    volume = {57}, 
    issue = {5}, 
    pages = {728-739}, 
    doi = {10.1177/0018720815581940} 
}
@book{Caelen2023developing,
  title={Developing Apps with GPT-4 and ChatGPT: Build Intelligent Chatbots, Content Generators, and More},
  author={Caelen, O. and Blete, M.A.},
  isbn={9781098152482},  
  year={2023},
  language  = "en",
  publisher={O'Reilly Media, Incorporated}
}
@inproceedings{Celikkan2019,
  title={A consolidated approach for design pattern recommendation},
  author={Celikkan, Ufuk and Bozoklar, Dilara},
  booktitle={2019 4th International Conference on Computer Science and Engineering (UBMK)},
  pages={1--6},
  year={2019},
  organization={IEEE}
}
@article{Chatzigeorgiou2008,
title = "An empirical study on students ability to comprehend design patterns",
journal = "Computers \& Education",
volume = "51",
number = "3",
pages = "1007-1016",
year = "2008",
issn = "0360-1315",
doi = "https://doi.org/10.1016/j.compedu.2007.10.003",
url = "https://www.sciencedirect.com/science/article/pii/S0360131507001285",
author = "Alexander Chatzigeorgiou and Nikolaos Tsantalis and Ignatios Deligiannis"
}
@article{Chen2021,
  title={Evaluating large language models trained on code},
  author={Chen, Mark and Tworek, Jerry and Jun, Heewoo and Yuan, Qiming and Pinto, Henrique Ponde de Oliveira and Kaplan, Jared and Edwards, Harri and Burda, Yuri and Joseph, Nicholas and Brockman, Greg and others},
  journal={arXiv preprint arXiv:2107.03374},
  year={2021}
}
@inproceedings{Cimiano2005,
  title={Text2onto: A framework for ontology learning and data-driven change discovery},
  author={Cimiano, Philipp and V{\"o}lker, Johanna},
  booktitle={International conference on application of natural language to information systems},
  pages={227--238},
  year={2005},
  organization={Springer}
}
@book{cockburn1997surviving,
  title={Surviving Object-Oriented Projects},
  author={Cockburn, Alistair},
  series={Addison Wesley Object Technology Series},
  year={1997},
  publisher={Addison-Wesley}
}
@misc{Colson2019,
	author={Eric Colson}, 
	title = {What AI-Driven Decision Making Looks Like --- hbr.org},
	howpublished = {\url{https://hbr.org/2019/07/what-ai-driven-decision-making-looks-like}},
    year={2019},
    journal={Harvard Business Review}, 
	note = {[Accessed 09-Jun-2023]},
}
@book{Coplien2004,
author = {Coplien, James O. and Harrison, Neil B.},
title = {Organizational Patterns of Agile Software Development},
year = {2004},
isbn = {0131467409},
publisher = {Prentice-Hall, Inc.},
address = {USA}
}
@inproceedings{coplien1995generative,
  title={A Generative Development-Process Pattern Language},
  author={Coplien, James O.},
  booktitle={Pattern Languages of Program Design 1},
  editor={Coplien, James O. and Schmidt, Douglas C.}, 
  year={1995},
  publisher={Addison-Wesley Professional}
}
@inproceedings{cunningham1995checks,
  title={The Checks Pattern Language of Information Integrity},
  author={Cunningham, Ward},
  booktitle={Pattern Languages of Program Design 1},
  editor={Coplien, James O. and Schmidt, Douglas C.},  
  year={1995},
  publisher={Addison-Wesley Professional}
}
@article{Devlin2018,
   author = {Jacob Devlin and Ming Wei Chang and Kenton Lee and Kristina Toutanova},
   isbn = {9781950737130},
   journal = {NAACL HLT 2019 - 2019 Conference of the North American Chapter of the Association for Computational Linguistics: Human Language Technologies - Proceedings of the Conference},
   month = {10},
   pages = {4171-4186},
   publisher = {Association for Computational Linguistics (ACL)},
   title = {BERT: Pre-training of Deep Bidirectional Transformers for Language Understanding},
   volume = {1},
   url = {https://arxiv.org/abs/1810.04805v2},
   year = {2018}
}
@inproceedings{Di2014,
  title={Ontology-driven pattern selection and matching in software design},
  author={Di Noia, Tommaso and Mongiello, Marina and Di Sciascio, Eugenio},
  booktitle={Software Architecture: 8th European Conference, ECSA 2014, Vienna, Austria, August 25-29, 2014. Proceedings 8},
  pages={82--89},
  year={2014},
  organization={Springer}
}
@inproceedings{Diaz2010,
  title={A visual tool for using design patterns as pattern languages},
  author={D{\'\i}az, Paloma and Aedo, Ignacio and Rosson, Mary Beth and Carroll, John M},
  booktitle={Proceedings of the international conference on advanced visual interfaces},
  pages={67--74},
  year={2010}
}
@inproceedings{Diaz2011,
  title={Using recommendations to help novices to reuse design knowledge},
  author={D{\'\i}az, Paloma and Malizia, Alessio and Navarro, Ignacio and Aedo, Ignacio},
  booktitle={End-User Development: Third International Symposium, IS-EUD 2011, Torre Canne (BR), Italy, June 7-10, 2011. Proceedings 3},
  pages={331--336},
  year={2011},
  organization={Springer}
}
@inproceedings{El2008,
  title={An ontological interface for software developers to select security patterns},
  author={El Khoury, Paul and Mokhtari, Amine and Coquery, Emmanuel and Hacid, Mohand-Said},
  booktitle={2008 19th International Workshop on Database and Expert Systems Applications},
  pages={297--301},
  year={2008},
  organization={IEEE}
}
@article{engstrom2020software,
  title={How software engineering research aligns with design science: a review},
  author={Engstr{\"o}m, Emelie and Storey, Margaret-Anne and Runeson, Per and H{\"o}st, Martin and Baldassarre, Maria Teresa},
  journal={Empirical Software Engineering},
  url = {https://doi.org/10.1007/s10664-020-09818-7},
  DOI = {10.1007/s10664-020-09818-7},
  volume={25},
  pages={2630--2660},
  year={2020},
  publisher={Springer}
}
@inproceedings{Ernst2015,
  title={Measure it? manage it? ignore it? software practitioners and technical debt},
  author={Ernst, Neil A and Bellomo, Stephany and Ozkaya, Ipek and Nord, Robert L and Gorton, Ian},
  booktitle={Proceedings of the 2015 10th Joint Meeting on Foundations of Software Engineering},
  pages={50--60},
  year={2015}
}
@article{Esteva2017,
   author = {Andre Esteva and Brett Kuprel and Roberto A. Novoa and Justin Ko and Susan M. Swetter and Helen M. Blau and Sebastian Thrun},
   doi = {10.1038/nature21056},
   issn = {1476-4687},
   issue = {7639},
   journal = {Nature 2017 542:7639},
   keywords = {Diagnosis,Machine learning,Skin cancer},
   month = {1},
   pages = {115-118},
   pmid = {28117445},
   publisher = {Nature Publishing Group},
   title = {Dermatologist-level classification of skin cancer with deep neural networks},
   volume = {542},
   url = {https://www.nature.com/articles/nature21056},
   year = {2017}
}
@article{Farshidi2020,
  title={Capturing software architecture knowledge for pattern-driven design},
  author={Farshidi, Siamak and Jansen, Slinger and van der Werf, Jan Martijn},
  journal={Journal of Systems and Software},
  volume={169},
  pages={110714},
  year={2020},
  publisher={Elsevier}
}
@article{Floridi2022,
   author = {Luciano Floridi and Josh Cowls},
   doi = {10.1002/9781119815075.CH45},
   isbn = {9781119815075},
   journal = {Machine Learning and the City: Applications in Architecture and Urban Design},
   keywords = {artificial intelligence,ethical principles,fine,grained analysis,highest,profile sets},
   month = {5},
   pages = {535-545},
   publisher = {John Wiley \& Sons, Ltd},
   title = {A Unified Framework of Five Principles for AI in Society},
   url = {https://onlinelibrary.wiley.com/doi/full/10.1002/9781119815075.ch45 https://onlinelibrary.wiley.com/doi/abs/10.1002/9781119815075.ch45 https://onlinelibrary.wiley.com/doi/10.1002/9781119815075.ch45},
   year = {2022}
}
@book{Gamma1994,
  author	= "Erich Gamma and Richard Helm and Ralph Johnson and John Vlissides",
  title		= "Design Patterns: Elements of Reusable Object-Oriented Software",
  address	= "Boston",
  publisher	= "Addison-Wesley Professional",
  pages		= "1-416",
  year		= "1994"
}
@article{Gennari2003,
  title={The evolution of Prot{\'e}g{\'e}: an environment for knowledge-based systems development},
  author={Gennari, John H and Musen, Mark A and Fergerson, Ray W and Grosso, William E and Crub{\'e}zy, Monica and Eriksson, Henrik and Noy, Natalya F and Tu, Samson W},
  journal={International Journal of Human-computer studies},
  volume={58},
  number={1},
  pages={89--123},
  year={2003},
  publisher={Elsevier}
}
@inproceedings{Gomes2002,
  title={Using CBR for automation of software design patterns},
  author={Gomes, Paulo and Pereira, Francisco C and Paiva, Paulo and Seco, Nuno and Carreiro, Paulo and Ferreira, Jos{\'e} L and Bento, Carlos},
  booktitle={European Conference on Case-Based Reasoning},
  pages={534--548},
  year={2002},
  organization={Springer}
}
@article{Gorriz2017,
  title={A semi-supervised learning approach for model selection based on class-hypothesis testing},
  author={Gorriz, Juan M and Ramirez, Javier and Suckling, John and Mart{\'\i}nez-Murcia, Francisco Jes{\'u}s and Ill{\'a}n, IA and Segovia, Ferm{\'\i}n and Ortiz, Andr{\'e}s and Salas-Gonzalez, Diego and Castillo-Barnes, Diego and Puntonet, Carlos Garc{\'\i}a},
  journal={Expert Systems with Applications},
  volume={90},
  pages={40--49},
  year={2017},
  publisher={Elsevier}
}
@article{Gueheneuc2007,
  title={A simple recommender system for design patterns},
  author={Gu{\'e}h{\'e}neuc, Yann-Ga{\"e}l and Mustapha, Rabih},
  journal={Proceedings of the 1st EuroPLoP Focus Group on Pattern Repositories},
  year={2007},
  publisher={Citeseer}
}
@article{Hamdy2018automatic,
  title={Automatic Recommendation of Software Design Patterns: Text Retrieval Approach.},
  author={Hamdy, Abeer and Elsayed, Mohamed},
  journal={J. Softw.},
  volume={13},
  number={4},
  pages={260--268},
  year={2018}
}
@article{Hamdy2018Towards,
  title={Towards more accurate automatic recommendation of software design patterns.},
  author={Hamdy, Abeer and Elsayed, Mohamed},
  journal={Journal of Theoretical \& Applied Information Technology},
  volume={96},
  number={15},
  year={2018}
}
@inproceedings{Hamza2004,
  title={Improving analysis patterns reuse: an ontological approach},
  author={Hamza, Haitham S},
  booktitle={Proc. of Ontologies as Software Engineering Artifacts Workshop, OOPSLA},
  volume={4},
  year={2004},
  organization={Citeseer}
}
@article{Hasheminejad2012,
title = {Design patterns selection: An automatic two-phase method},
journal = {Journal of Systems and Software},
volume = {85},
number = {2},
pages = {408-424},
year = {2012},
note = {Special issue with selected papers from the 23rd Brazilian Symposium on Software Engineering},
issn = {0164-1212},
doi = {https://doi.org/10.1016/j.jss.2011.08.031},
url = {https://www.sciencedirect.com/science/article/pii/S0164121211002317},
author = {Seyed Mohammad Hossein Hasheminejad and Saeed Jalili},
keywords = {Software design pattern, Text classification, Machine learning, Automatic pattern selection}
}
@article{Hevner2004,
  title = {Design Science in Information Systems Research},
  volume = {28},
  ISSN = {0276-7783},
  url = {https://doi.org/10.2307/25148625},
  DOI = {10.2307/25148625},
  number = {1},
  journal = {MIS Quarterly},
  publisher = {JSTOR},
  author = {Hevner and March and Park and Ram},
  year = {2004},
  pages = {75}
}
@book{Holub2004,
  author	= "Allen Holub ",
  title		= "Holub on Patterns: Learning Design Patterns by Looking at Code",
  address	= "New York",
  publisher	= "Apress",
  year		= "2004"
}
@article{Hsueh2009,
  title={Object-oriented design: A goal-driven and pattern-based approach},
  author={Hsueh, Nien-Lin and Kuo, Jong-Yih and Lin, Ching-Chiuan},
  journal={Software \& Systems Modeling},
  volume={8},
  pages={67--84},
  year={2009},
  publisher={Springer}
}
@article{Hussain2017software,
  title={Software design patterns classification and selection using text categorization approach},
  author={Hussain, Shahid and Keung, Jacky and Khan, Arif Ali},
  journal={Applied soft computing},
  volume={58},
  pages={225--244},
  year={2017},
  publisher={Elsevier}
}
@inproceedings{Hussain2018framework,
  title={A framework for ranking of software design patterns},
  author={Hussain, Shahid and Keung, Jacky and Khan, Arif Ali},
  booktitle={Complex, Intelligent, and Software Intensive Systems: Proceedings of the 11th International Conference on Complex, Intelligent, and Software Intensive Systems (CISIS-2017)},
  pages={205--215},
  year={2018},
  organization={Springer}
}
@article{Hussain2018implications,
  title={Implications of deep learning for the automation of design patterns organization},
  author={Hussain, Shahid and Keung, Jacky and Khan, Arif Ali and Ahmad, Awais and Cuomo, Salvatore and Piccialli, Francesco and Jeon, Gwanggil and Akhunzada, Adnan},
  journal={Journal of Parallel and Distributed Computing},
  volume={117},
  pages={256--266},
  year={2018},
  publisher={Elsevier}
}
@inproceedings{Hussain2016methodology,
  title={A methodology to automate the selection of design patterns},
  author={Hussain, Shahid and Keung, Jacky and Khan, Arif Ali and Bennin, Kwabena Ebo},
  booktitle={2016 IEEE 40th Annual Computer Software and Applications Conference (COMPSAC)},
  volume={2},
  pages={161--166},
  year={2016},
  organization={IEEE}
}
@article{Hussain2019automated,
  title={Automated framework for classification and selection of software design patterns},
  author={Hussain, Shahid and Keung, Jacky and Sohail, Muhammad Khalid and Khan, Arif Ali and Ilahi, Manzoor},
  journal={Applied Soft Computing},
  volume={75},
  pages={1--20},
  year={2019},
  issn = {1568-4946},
  doi = {https://doi.org/10.1016/j.asoc.2018.10.049},
  url = {https://www.sciencedirect.com/science/article/pii/S1568494618306173},
  author = {Shahid Hussain and Jacky Keung and Muhammad Khalid Sohail and Arif Ali Khan and Manzoor Ilahi},
  publisher={Elsevier}
}
@article{Intakosum2007,
  title={Retrieving model for design patterns},
  author={Intakosum, Sarun and Muangon, Weenawadee},
  journal={ECTI Transactions on Computer and Information Technology (ECTI-CIT)},
  volume={3},
  number={1},
  pages={51--55},
  year={2007}
}
@article{Issaoui2015,
  title={A new approach for interactive design pattern recommendation},
  author={Issaoui, Im{\`e}ne and Bouassida, Nadia and Ben-Abdallah, Han{\^e}ne},
  journal={Lecture Notes on Software Engineering},
  volume={3},
  number={3},
  pages={173},
  year={2015},
  publisher={IACSIT Press}
}
@inproceedings{Jalil2020,
  title={Development of A Learning Model on Software Design Pattern Selection for Novice Developers},
  author={Jalil, Masita Abdul and Rahman, Nurul Azarina Abd and Ali, Noraida Hj and Noah, Shahrul Azman Mohd and Noor, Noor Maizura Mohamad and Mohd, Fatihah},
  booktitle={Proceedings of the 2020 9th International Conference on Educational and Information Technology},
  pages={108--113},
  year={2020}
}
@book{Joshua2004,
  author	= "Kerievsky Joshua",
  title		= "Refactoring to Patterns",
  address	= "Boston",
  publisher	= "Addison-Wesley Professional",
  year		= "2004"
}
@inproceedings{Karras2019,
  title={A style-based generator architecture for generative adversarial networks},
  author={Karras, Tero and Laine, Samuli and Aila, Timo},
  booktitle={Proceedings of the IEEE/CVF conference on computer vision and pattern recognition},
  pages={4401--4410},
  year={2019}
}
@article{Kim2007,
  title={An approach to precisely specifying the problem domain of design patterns},
  author={Kim, Dae-Kyoo and El Khawand, Charbel},
  journal={Journal of Visual Languages \& Computing},
  volume={18},
  number={6},
  pages={560--591},
  year={2007},
  publisher={Elsevier}
}
@article{Kim2008,
  title={Evaluating pattern conformance of UML models: a divide-and-conquer approach and case studies},
  author={Kim, Dae-Kyoo and Shen, Wuwei},
  journal={Software Quality Journal},
  volume={16},
  pages={329--359},
  year={2008},
  publisher={Springer}
}
@article{Kolodner1992,
  title={An introduction to case-based reasoning},
  author={Kolodner, Janet L},
  journal={Artificial intelligence review},
  volume={6},
  number={1},
  pages={3--34},
  year={1992},
  publisher={Springer}
}
@article{Krizhevsky2017,
   author = {Alex Krizhevsky and Ilya Sutskever and Geoffrey E Hinton},
   doi = {10.1145/3065386},
   issue = {6},
   journal = {COMMUNICATIONS OF THE ACM},
   title = {ImageNet Classification with Deep Convolutional Neural Networks},
   volume = {60},
   url = {http://code.google.com/p/cuda-convnet/.},
   year = {2017}
}
@article{Laosen2020,
  title={Automatic recommendation of design patterns based on patterns' intent},
  author={Laosen, Nasith and Bou, Channa and Nantajeewarawat, Ekawit},
  journal={International Journal of Innovative Computing, Information and Control},
  volume={16},
  number={4},
  pages={1147--1163},
  year={2020}
}
@article{LeCun2015,   
   author = {Yann Lecun and Yoshua Bengio and Geoffrey Hinton},
   doi = {10.1038/nature14539},
   issn = {1476-4687},
   issue = {7553},
   journal = {Nature 2015 521:7553},
   keywords = {Computer science,Mathematics and computing},
   month = {5},
   pages = {436-444},
   pmid = {26017442},
   publisher = {Nature Publishing Group},
   title = {Deep learning},
   volume = {521},
   url = {https://www.nature.com/articles/nature14539},
   year = {2015}
}
@article{Li2017,
  title={Reject inference in credit scoring using semi-supervised support vector machines},
  author={Li, Zhiyong and Tian, Ye and Li, Ke and Zhou, Fanyin and Yang, Wei},
  journal={Expert Systems with Applications},
  volume={74},
  pages={105--114},
  year={2017},
  publisher={Elsevier}
}
@misc{Liang2023,
      title={A Qualitative Study on the Implementation Design Decisions of Developers}, 
      author={Jenny T. Liang and Maryam Arab and Minhyuk Ko and Amy J. Ko and Thomas D. LaToza},
      year={2023},
      eprint={2301.09789},
      archivePrefix={arXiv},
      primaryClass={cs.SE}
}
@article{Lund2023,
  title={Chatting about ChatGPT: how may AI and GPT impact academia and libraries?},
  author={Lund, Brady D and Wang, Ting},
  journal={Library Hi Tech News},
  year={2023},
  publisher={Emerald Publishing Limited}
}
@article{Lundberg2018,
    author = {Lundberg and  Nair and  Vavilala and Horibe and  Eisses and  Adams and Lee}, 
    title = {Explainable machine-learning predictions for the prevention of hypoxemia during surgery}, 
    journal = {Nature Biomedical Engineering}, 
    year = {2018}, 
    volume = {2}, 
    issue = {10}, 
    pages = {749-760}, 
    doi = {10.1038/s41551-018-0304-0}
}
@book{Martin2002,
  author	= "Robert C. Martin",
  title	= "Agile Software Development, Principles, Patterns, and Practices",
  address	= "Upper Saddle River",
  publisher = "Prentice Hall",
  year	  = "2002"
}
@article{Mccarthy2006,
  title={A proposal for the dartmouth summer research project on artificial intelligence, august 31, 1955},
  author={McCarthy, John and Minsky, Marvin L and Rochester, Nathaniel and Shannon, Claude E},
  journal={AI magazine},
  volume={27},
  number={4},
  pages={12--12},
  year={2006}
}
@book{Mitchell2007,
  title={Machine learning},
  author={Mitchell, Tom Michael and others},
  volume={1},
  year={2007},
  publisher={McGraw-hill New York}
}
@inproceedings{Muangon2009adaptation,
  title={Adaptation of design pattern retrieval using CBR and FCA},
  author={Muangon, Weenawadee and Intakosum, Sarun},
  booktitle={2009 Fourth International Conference on Computer Sciences and Convergence Information Technology},
  pages={1196--1200},
  year={2009},
  organization={IEEE}
}
@inproceedings{Muangon2009analysis,
  title={Retrieving design patterns by case-based reasoning and formal concept analysis},
  author={Muangon, Weenawadee and Intakosum, Sarun},
  booktitle={2009 2nd IEEE International Conference on Computer Science and Information Technology},
  pages={424--428},
  year={2009},
  organization={IEEE}
}
@article{Muangon2013,
  title={Case-based reasoning for design patterns searching system},
  author={Muangon, Weenawadee and Intakosum, Sarun},
  journal={International Journal of Computer Applications},
  volume={70},
  number={26},
  pages={16--24},
  year={2013},
  publisher={Citeseer}
}
@article{Naghdipour2023Semi,
  title={Implications of semi-supervised learning for design pattern selection},
  author={Naghdipour, Ameneh and Hasheminejad, Seyed Mohammad Hossein},
  journal={Software Quality Journal},
  pages={1--34},
  year={2023},
  publisher={Springer}
}
@article{Naghdipour2023,
  title={Software design pattern selection approaches: A systematic literature review},
  author={Ameneh Naghdipour and Seyed Mohammad Hossein Hasheminejad and Roghayeh Leila Barmaki},
  journal={Software: Practice and Experience},
  volume={53},
  number={4},
  pages={1091--1122},
  year={2023},
  publisher={Wiley Online Library}
}
@inproceedings{Nahar2016improved,
  title={An improved behavioral matching for anti-pattern based abstract factory recommendation},
  author={Nahar, Nadia and Mahmud, Tarek Salah Uddin and Sakib, Kazi},
  booktitle={2016 5th International Conference on Informatics, Electronics and Vision (ICIEV)},
  pages={35--40},
  year={2016},
  organization={IEEE}
}
@inproceedings{Nahar2016,
  title={Acdpr: A recommendation system for the creational design patterns using anti-patterns},
  author={Nahar, Nadia and Sakib, Kazi},
  booktitle={2016 IEEE 23rd International Conference on Software Analysis, Evolution, and Reengineering (SANER)},
  volume={4},
  pages={4--7},
  year={2016},
  organization={IEEE}
}
@inproceedings{Navarro2010,
  title={A recommendation system to support design patterns selection},
  author={Navarro, Ignacio and Diaz, Paloma and Malizia, Alessio},
  booktitle={2010 IEEE Symposium on Visual Languages and Human-Centric Computing},
  pages={269--270},
  year={2010},
  organization={IEEE}
}
@book{Newman2019,
  title={Monolith to microservices: evolutionary patterns to transform your monolith},
  author={Newman, Sam},
  year={2019},
  publisher={O'Reilly Media}
}
@article{Oord2016,
  title={Wavenet: A generative model for raw audio},
  author={Oord, Aaron van den and Dieleman, Sander and Zen, Heiga and Simonyan, Karen and Vinyals, Oriol and Graves, Alex and Kalchbrenner, Nal and Senior, Andrew and Kavukcuoglu, Koray},
  journal={arXiv preprint arXiv:1609.03499},
  year={2016}
}
@book{Ozdemir2023,
  title     = "Quick Start Guide to Large Language Models:Strategies and Best Practices for using {ChatGPT} and Other LLMs",
  author    = "Ozdemir, Sinan",
  publisher = "Addison-Wesley Professional",
  month     =  oct,
  year      =  {2023},
  language  = "en"
}
@article{Pagliario2022, 
    author = {PAGLIARI and  Chambon and  Berberian}, 
    title = {What Is New With Artificial Intelligence? human–agent Interactions Through the Lens Of Social Agency},
    journal = {Frontiers in Psychology}, 
    year = {2022}, 
    volume = {13}, 
    doi = {10.3389/fpsyg.2022.954444} 
}
@inproceedings{Palma2012,
  title={Recommendation system for design patterns in software development: An dpr overview},
  author={Palma, Francis and Farzin, Hadi and Gu{\'e}h{\'e}neuc, Yann-Ga{\"e}l and Moha, Naouel},
  booktitle={2012 Third International Workshop on Recommendation Systems for Software Engineering (RSSE)},
  pages={1--5},
  year={2012},
  organization={IEEE}
}
@article{Pavlivc2014,
  title={A question-based design pattern advisement approach},
  author={Pavli{\v{c}}, Luka and Podgorelec, Vili and Heri{\v{c}}ko, Marjan},
  journal={Computer Science and Information Systems},
  volume={11},
  number={2},
  pages={645--664},
  year={2014}
}
@inproceedings{Pearson2010,
  title={Context-aware privacy design pattern selection},
  author={Pearson, Siani and Shen, Yun},
  booktitle={International Conference on Trust, Privacy and Security in Digital Business},
  pages={69--80},
  year={2010},
  organization={Springer}
}
@book{Phoenix2024,
  title     = {Prompt Engineering for Generative AI},
  author    = {James Phoenix and Mike Taylor},
  publisher = {O'Reilly Media, Inc.},
  month     =  jul,
  year      =  {2024},
  language  = "en"
}
@article{Qureshi2017,
  title={Proposed automated framework to select suitable design pattern},
  author={Qureshi, M Rizwan Jameel and Al-Geshari, Waleed},
  journal={International Journal of Modern Education and Computer Science},
  volume={9},
  number={5},
  pages={43},
  year={2017},
  publisher={Modern Education and Computer Science Press}
}
@inproceedings{Rahmati2019,
  title={An automated method for selecting GoF design patterns},
  author={Rahmati, Raheleh and Rasoolzadegan, Abbas and Dehkordy, Diyana Tehrany},
  booktitle={2019 9th International Conference on Computer and Knowledge Engineering (ICCKE)},
  pages={345--350},
  year={2019},
  organization={IEEE}
}
@article{Riaz2015,
  title={How have we evaluated software pattern application? A systematic mapping study of research design practices},
  author={Riaz, Maria and Breaux, Travis and Williams, Laurie},
  journal={Information and Software Technology},
  volume={65},
  pages={14--38},
  year={2015},
  publisher={Elsevier}
}
@misc{MichaelRoss2021,
	author = {Michael Ross and James Taylor},
	title = {Managing AI Decision-Making Tools --- hbr.org},
	howpublished = {\url{https://hbr.org/2021/11/managing-ai-decision-making-tools}},
	year = {2021},
	note = {[Accessed 09-Jun-2023]},
}
@inproceedings{Sanyawong2014,
  title={Design pattern recommendation based-on a pattern usage hierarchy},
  author={Sanyawong, Nuttapon and Nantajeewarawat, Ekawit},
  booktitle={2014 International Computer Science and Engineering Conference (ICSEC)},
  pages={134--139},
  year={2014},
  organization={IEEE}
}
@article{Sanyawong2015,
  title={Design pattern recommendation: A text classification approach},
  author={Sanyawong, Nuttapon and Nantajeewarawat, Ekawit},
  year={2015}
}
@inproceedings{Schroff2015,
  title={Facenet: A unified embedding for face recognition and clustering},
  author={Schroff, Florian and Kalenichenko, Dmitry and Philbin, James},
  booktitle={Proceedings of the IEEE conference on computer vision and pattern recognition},
  pages={815--823},
  year={2015}
}
@book{Schumacher2013,
  title={Security Patterns: Integrating security and systems engineering},
  author={Schumacher, Markus and Fernandez-Buglioni, Eduardo and Hybertson, Duane and Buschmann, Frank and Sommerlad, Peter},
  year={2013},
  publisher={John Wiley \& Sons}
}
@article{Seliya2007,
  title={Software quality estimation with limited fault data: a semi-supervised learning perspective},
  author={Seliya, Naeem and Khoshgoftaar, Taghi M},
  journal={Software Quality Journal},
  volume={15},
  pages={327--344},
  year={2007},
  publisher={Springer}
}
@book{Shalloway2004,
  author	= "Alan Shalloway and James Trott",
  title		= "Design patterns explained: a new perspective on object-oriented design",
  address	= "Boston",
  publisher	= "Addison-Wesley Professional",
  pages		= "1-3",
  year		= "2004"
}
@article{Sielis2017,
  title={ArchReco: a software tool to assist software design based on context aware recommendations of design patterns},
  author={Sielis, George A and Tzanavari, Aimilia and Papadopoulos, George A},
  journal={Journal of Software Engineering Research and Development},
  volume={5},
  number={1},
  pages={1--36},
  year={2017},
  publisher={SpringerOpen}
}
@inproceedings{Sigdel2014,
  title={Evaluation of semi-supervised learning for classification of protein crystallization imagery},
  author={Sigdel, Madhav and Din{\c{c}}, {\.I}mren and Din{\c{c}}, Semih and Sigdel, Madhu S and Pusey, Marc L and Ayg{\"u}n, Ramazan S},
  booktitle={IEEE SOUTHEASTCON 2014},
  pages={1--6},
  year={2014},
  organization={IEEE}
}
@article{Silver2017,
   author = {David Silver and Julian Schrittwieser and Karen Simonyan and Ioannis Antonoglou and Aja Huang and Arthur Guez and Thomas Hubert and Lucas Baker and Matthew Lai and Adrian Bolton and Yutian Chen and Timothy Lillicrap and Fan Hui and Laurent Sifre and George Van Den Driessche and Thore Graepel and Demis Hassabis},
   doi = {10.1038/nature24270},
   issn = {1476-4687},
   issue = {7676},
   journal = {Nature 2017 550:7676},
   keywords = {Computational science,Computer science,Reward},
   month = {10},
   pages = {354-359},
   pmid = {29052630},
   publisher = {Nature Publishing Group},
   title = {Mastering the game of Go without human knowledge},
   volume = {550},
   url = {https://www.nature.com/articles/nature24270},
   year = {2017}
}
@inproceedings{Smith2012,
  title={Dynamically recommending design patterns.},
  author={Smith, S and Plante, DR},
  booktitle={SEKE},
  pages={499--504},
  year={2012}
}
@article{Surameery2023,
  title={Use chat gpt to solve programming bugs},
  author={Surameery, Nigar M Shafiq and Shakor, Mohammed Y},
  journal={International Journal of Information Technology \& Computer Engineering (IJITC) ISSN: 2455-5290},
  volume={3},
  number={01},
  pages={17--22},
  year={2023}
}
@article{Suresh2011,
  title={Design pattern recommendation system: a methodology, data model and algorithms},
  author={Suresh, SS and Naidu, MM and Kiran, S Asha and Tathawade, P},
  journal={ICCTAI'2011},
  year={2011}
}
@article{Vaithilingam2022,
  author = {P. Vaithilingam and T. Zhang and E. Glassman},
  title = {expectation vs. experience: evaluating the usability of code generation tools powered by large language models},
  year = {2022},
  doi = {10.1145/3491101.3519665}
}
@article{Sutskever2014,
  title={Sequence to sequence learning with neural networks},
  author={Sutskever, Ilya and Vinyals, Oriol and Le, Quoc V},
  journal={Advances in neural information processing systems},
  volume={27},
  year={2014}
}
@article{Van2020,
  title={A survey on semi-supervised learning},
  author={Van Engelen, Jesper E and Hoos, Holger H},
  journal={Machine learning},
  volume={109},
  number={2},
  pages={373--440},
  year={2020},
  publisher={Springer}
}
@article{Vaswani2017,
  title={Attention is all you need},
  author={Vaswani, Ashish and Shazeer, Noam and Parmar, Niki and Uszkoreit, Jakob and Jones, Llion and Gomez, Aidan N and Kaiser, {\L}ukasz and Polosukhin, Illia},
  journal={Advances in neural information processing systems},
  volume={30},
  year={2017}
}
@article{Velardi2013,
  title={Ontolearn reloaded: A graph-based algorithm for taxonomy induction},
  author={Velardi, Paola and Faralli, Stefano and Navigli, Roberto},
  journal={Computational Linguistics},
  volume={39},
  number={3},
  pages={665--707},
  year={2013},
  publisher={MIT Press One Rogers Street, Cambridge, MA 02142-1209, USA journals-info~…}
}
@article{Vinyals2015,
  title={Pointer networks},
  author={Vinyals, Oriol and Fortunato, Meire and Jaitly, Navdeep},
  journal={Advances in neural information processing systems},
  volume={28},
  year={2015}
}
@incollection{Weiten2009,
  title={Ontostudio{\textregistered} as a ontology engineering environment},
  author={Weiten, Moritz},
  booktitle={Semantic Knowledge Management: Integrating Ontology Management, Knowledge Discovery, and Human Language Technologies},
  pages={51--60},
  year={2009},
  publisher={Springer}
}
@misc{white2023prompt,
      title={A Prompt Pattern Catalog to Enhance Prompt Engineering with ChatGPT}, 
      author={Jules White and Quchen Fu and Sam Hays and Michael Sandborn and Carlos Olea and Henry Gilbert and Ashraf Elnashar and Jesse Spencer-Smith and Douglas C. Schmidt},
      year={2023},
      eprint={2302.11382},
      archivePrefix={arXiv},
      primaryClass={cs.SE}
}
@misc{White2023,
      title={ChatGPT Prompt Patterns for Improving Code Quality, Refactoring, Requirements Elicitation, and Software Design}, 
      author={Jules White and Sam Hays and Quchen Fu and Jesse Spencer-Smith and Douglas C. Schmidt},
      year={2023},
      eprint={2303.07839},
      archivePrefix={arXiv},
      primaryClass={cs.SE}
}
@article{Yan2023,
  title={Practical and Ethical Challenges of Large Language Models in Education: A Systematic Literature Review},
  author={Yan, Lixiang and Sha, Lele and Zhao, Linxuan and Li, Yuheng and Martinez-Maldonado, Roberto and Chen, Guanliang and Li, Xinyu and Jin, Yueqiao and Ga{\v{s}}evi{\'c}, Dragan},
  journal={arXiv preprint arXiv:2303.13379},
  year={2023}
}
@article{Zdun2007,
  title={Systematic pattern selection using pattern language grammars and design space analysis},
  author={Zdun, Uwe},
  journal={Software: Practice and Experience},
  volume={37},
  number={9},
  pages={983--1016},
  year={2007},
  publisher={Wiley Online Library}
}
@article{Zhang2011,
  title={What do we know about the effectiveness of software design patterns?},
  author={Zhang, Cheng and Budgen, David},
  journal={IEEE Transactions on Software Engineering},
  volume={38},
  number={5},
  pages={1213--1231},
  year={2011},
  publisher={IEEE}
}
@article{Zhang2013,
  title={A survey of experienced user perceptions about software design patterns},
  author={Zhang, Cheng and Budgen, David},
  journal={Information and Software Technology},
  volume={55},
  number={5},
  pages={822--835},
  year={2013},
  publisher={Elsevier}
}
@inproceedings{Ziegler2022productivity,
  title={Productivity assessment of neural code completion},
  author={Ziegler, Albert and Kalliamvakou, Eirini and Li, X Alice and Rice, Andrew and Rifkin, Devon and Simister, Shawn and Sittampalam, Ganesh and Aftandilian, Edward},
  booktitle={Proceedings of the 6th ACM SIGPLAN International Symposium on Machine Programming},
  pages={21--29},
  year={2022}
}
@article{MarkChen2021,
  author       = {Mark Chen and
                  Jerry Tworek and
                  Heewoo Jun and
                  Qiming Yuan and
                  Henrique Pond{\'{e}} de Oliveira Pinto and
                  Jared Kaplan and
                  Harrison Edwards and
                  Yuri Burda and
                  Nicholas Joseph and
                  Greg Brockman and
                  Alex Ray and
                  Raul Puri and
                  Gretchen Krueger and
                  Michael Petrov and
                  Heidy Khlaaf and
                  Girish Sastry and
                  Pamela Mishkin and
                  Brooke Chan and
                  Scott Gray and
                  Nick Ryder and
                  Mikhail Pavlov and
                  Alethea Power and
                  Lukasz Kaiser and
                  Mohammad Bavarian and
                  Clemens Winter and
                  Philippe Tillet and
                  Felipe Petroski Such and
                  Dave Cummings and
                  Matthias Plappert and
                  Fotios Chantzis and
                  Elizabeth Barnes and
                  Ariel Herbert{-}Voss and
                  William Hebgen Guss and
                  Alex Nichol and
                  Alex Paino and
                  Nikolas Tezak and
                  Jie Tang and
                  Igor Babuschkin and
                  Suchir Balaji and
                  Shantanu Jain and
                  William Saunders and
                  Christopher Hesse and
                  Andrew N. Carr and
                  Jan Leike and
                  Joshua Achiam and
                  Vedant Misra and
                  Evan Morikawa and
                  Alec Radford and
                  Matthew Knight and
                  Miles Brundage and
                  Mira Murati and
                  Katie Mayer and
                  Peter Welinder and
                  Bob McGrew and
                  Dario Amodei and
                  Sam McCandlish and
                  Ilya Sutskever and
                  Wojciech Zaremba},
  title        = {Evaluating Large Language Models Trained on Code},
  journal      = {CoRR},
  volume       = {abs/2107.03374},
  year         = {2021},
  url          = {https://arxiv.org/abs/2107.03374},
  eprinttype    = {arXiv},
  eprint       = {2107.03374},
  timestamp    = {Thu, 25 May 2023 10:38:31 +0200},
  biburl       = {https://dblp.org/rec/journals/corr/abs-2107-03374.bib},
  bibsource    = {dblp computer science bibliography, https://dblp.org}
}
@inproceedings{Kampffmeyer2007,
  title={Finding the pattern you need: The design pattern intent ontology},
  author={Kampffmeyer, Holger and Zschaler, Steffen},
  booktitle={International Conference on Model Driven Engineering Languages and Systems},
  pages={211--225},
  year={2007},
  organization={Springer}
}
@inproceedings{Nahar2015,
  title={Automatic Recommendation of Software Design Patterns Using Anti-patterns in the Design Phase: A Case Study on Abstract Factory.},
  author={Nahar, Nadia and Sakib, Kazi},
  booktitle={QuASoQ/WAWSE/CMCE@ APSEC},
  pages={9--16},
  year={2015}
}
@inproceedings{bhat2020evolution,
  title={The evolution of architectural decision making as a key focus area of software architecture research: A semi-systematic literature study},
  author={Bhat, Manoj and Shumaiev, Klym and Hohenstein, Uwe and Biesdorf, Andreas and Matthes, Florian},
  booktitle={2020 ieee international conference on software architecture (icsa)},
  pages={69--80},
  year={2020},
  organization={IEEE},
  publisher={IEEE},
  address={Salvador, Brazil}  
}
@inproceedings{josephs2022towards,
  title={Towards Automatic Classification of Design Decisions from Developer Conversations},
  author={Josephs, Alyssa and Gilson, Fabian and Galster, Matthias},
  booktitle={2022 IEEE 19th International Conference on Software Architecture Companion (ICSA-C)},
  pages={10--14},
  year={2022},
  organization={IEEE},
  publisher={IEEE},
  address={Honolulu, HI, USA}
}
@inproceedings{viviani2023empirical,
  title={An Empirical Study About the Instability and Uncertainty of Non-functional Requirements},
  author={Viviani, Luiz and Guerra, Eduardo and Melegati, Jorge and Wang, Xiaofeng},
  booktitle={International Conference on Agile Software Development},
  pages={77--93},
  year={2023},
  organization={Springer Nature Switzerland Cham},
  publisher={Springer Nature Switzerland Cham},
  address={Gewerbestrasse 11, 6330 Cham, Switzerland}
  
}
@misc{bang2023multitask,
      title={A Multitask, Multilingual, Multimodal Evaluation of ChatGPT on Reasoning, Hallucination, and Interactivity}, 
      author={Yejin Bang and Samuel Cahyawijaya and Nayeon Lee and Wenliang Dai and Dan Su and Bryan Wilie and Holy Lovenia and Ziwei Ji and Tiezheng Yu and Willy Chung and Quyet V. Do and Yan Xu and Pascale Fung},
      year={2023},
      eprint={2302.04023},
      archivePrefix={arXiv},
      primaryClass={cs.CL}
}
@inbook{Easterbrook2008,	
    title = {Selecting Empirical Methods for Software Engineering Research},
	address = {London},
	author = {Easterbrook, Steve and Singer, Janice and Storey, Margaret-Anne and Damian, Daniela},
	booktitle = {Guide to Advanced Empirical Software Engineering},
	doi = {10.1007/978-1-84800-044-5_11},
	editor = {Shull, Forrest and Singer, Janice and Sj{\o}berg, Dag I. K.},
	isbn = {978-1-84800-044-5},
	pages = {285--311},
	publisher = {Springer London},	
	url = {https://doi.org/10.1007/978-1-84800-044-5_11},
	year = {2008},
	bdsk-url-1 = {https://doi.org/10.1007/978-1-84800-044-5_11}
}
@article{desouza2005experiences,
  title={Experiences with conducting project postmortems: Reports versus stories},  
  author={Desouza, K. C. and Dings{\o}yr, Torgeir and Awazu, Yukika},
  journal={Software Process: Improvement and Practice},
  volume={10},
  number={2},
  pages={203--215},
  year={2005},
  publisher={Wiley Online Library},
  doi = {10.1002/spip.224} 
}
@article{wohlin2003empirical,
  title={Empirical research methods in software engineering},
  author={Wohlin, Claes and H{\"o}st, Martin and Henningsson, Kennet},
  journal={Empirical methods and studies in software engineering: Experiences from ESERNET},
  pages={7--23},
  year={2003},
  doi = {10.1007/978-3-540-45143-3_2},
  publisher={Springer}
}
@article{hayes2011impact,
  title = {The impact of project retrospectives on process improvement initiatives: a case study}, 
  author = {Hayes, D. and Grossman, F. and Knapp, C. and Rising, L.}, 
  journal = {2011 IEEE Long Island Systems, Applications and Technology Conference}, 
  year = {2011}, 
  doi = {10.1109/lisat.2011.5784234} 
}
@misc{gustafsson2017single,
  title={Single case studies vs. multiple case studies: A comparative study},
  author={Gustafsson, Johanna},
  year={2017}
}
@book{runeson2012case,
  title={Case Study Research in Software Engineering: Guidelines and Examples},
  author={Runeson, P. and Host, M. and Rainer, A. and Regnell, B.},
  isbn={9781118181003},
  lccn={2011031429},
  url={https://books.google.com.br/books?id=T7rXoaxqPIAC},
  year={2012},
  pages={1--256},
  publisher={Wiley}
}
@article{perry1992,
    title = {Foundations for the study of software architecture},
    author = {Perry, Dewayne E. and Wolf, Alexander L.},
    year = {1992},
    issue_date = {Oct. 1992},
    publisher = {Association for Computing Machinery},
    address = {New York, NY, USA},
    volume = {17},
    number = {4},
    issn = {0163-5948},
    url = {https://doi.org/10.1145/141874.141884},
    doi = {10.1145/141874.141884},
    journal = {SIGSOFT Softw. Eng. Notes},
    month = {10},
    pages = {40–52},
    numpages = {13}
    }
@article{yu2018,	
	title = {Research Process on Software Development Model},
    author = {Jiujiu Yu},
	doi = {10.1088/1757-899X/394/3/032045},
	journal = {IOP Conference Series: Materials Science and Engineering},
	month = {7},
	number = {3},
	pages = {032045},
	publisher = {IOP Publishing},
	
	url = {https://dx.doi.org/10.1088/1757-899X/394/3/032045},
	volume = {394},
	year = {2018}
}
@inproceedings{ahuja2019,
    title = {Software Architecture Evaluation in Agile Environment},
    author = {Ahuja, Chandni and Kaur, Parminder and Singh, Hardeep},
	address = {Singapore},	
	booktitle = {Software Engineering},
	editor = {Hoda, M. N. and Chauhan, Naresh and Quadri, S. M. K. and Srivastava, Praveen Ranjan},
	pages = {335--356},
	publisher = {Springer Singapore},	
	year = {2019}
}
@INPROCEEDINGS{bhukya2016,
  author={Bhukya, ShankarNayak and Pabboju, Suresh},
  booktitle={2016 International Conference on Electrical, Electronics, and Optimization Techniques (ICEEOT)}, 
  title={Software architecture central concern, key decisions}, 
  year={2016},
  volume={},
  number={},
  pages={2451-2457},
  keywords={Computer architecture;Software architecture;Business;Complexity theory;Optimization;Software;Conferences},
  doi={10.1109/ICEEOT.2016.7755134}
}

@article{garousi2019,
	author = {Garousi, Vahid and Tarhan, Ay{\c c}a and Pfahl, Dietmar and Co{\c s}kun{\c c}ay, Ahmet and Demir{\"o}rs, Onur},
	journal = {Software Quality Journal},
	number = {1},
	pages = {429--493},
	title = {Correlation of critical success factors with success of software projects: an empirical investigation},
	volume = {27},
	year = {2019}
}

@inproceedings{berntsson2006,
    author = {Berntsson-Svensson, Richard and Aurum, Ayb\"{u}ke},
    title = {Successful software project and products: An empirical investigation},
    year = {2006},
    isbn = {1595932186},
    publisher = {Association for Computing Machinery},
    address = {New York, NY, USA},
    url = {https://doi.org/10.1145/1159733.1159757},
    doi = {10.1145/1159733.1159757},
    booktitle = {Proceedings of the 2006 ACM/IEEE International Symposium on Empirical Software Engineering},
    pages = {144–153},
    numpages = {10},
    keywords = {product success, success factors, successful project},
    location = {Rio de Janeiro, Brazil},
    series = {ISESE '06}
}
@inproceedings{maranhao2024,
    author={Maranhão, João José Junior and Guerra, Eduardo Martins},
    title={A Prompt Pattern Sequence Approach to Apply Generative AI in Assisting Software Architecture Decision-making},    
    isbn={9798400716836},
    booktitle={2024 Proceedings of the 29th European Conference on Pattern Languages of Programs, People, and Practices, Europlop},
    publisher={ACM},
    keywords={Prompt Engineering, Prompt Patterns Sequence, Design Patterns, Software Architecture, Artificial Intelligence, AI Generative, Architecture Decision-Making},
    numpages={12},
    location={Irsee, Germany},
    doi = {10.1145/3698322.3698324},
    year={2024},
    month=jul 
}
@INPROCEEDINGS{hicdurmaz2012,
  author={Hicdurmaz, Mumin},
  booktitle={2012 38th Euromicro Conference on Software Engineering and Advanced Applications}, 
  title={A Fuzzy Multi Criteria Decision Making Approach to Software Life Cycle Model Selection}, 
  year={2012},
  volume={},
  number={},
  pages={384-391},
  keywords={Software;Software engineering;Pragmatics;Testing;Complexity theory;software life cycle model;decision making;software engineering project management;fuzzy AHP;fuzzy TOPSIS},
  doi={10.1109/SEAA.2012.71}
}
@article{chang2011pattern,	
    title = {Pattern-based framework for modularized software development and evolution robustness},
	author = {Chih-Hung Chang and Chih-Wei Lu and Pao-Ann Hsiung},
	doi = {https://doi.org/10.1016/j.infsof.2010.11.006},
	issn = {0950-5849},
	journal = {Information and Software Technology},
	keywords = {Software standardization and integration, Evolution robustness, Design pattern, Framework},
	note = {Special section: Software Engineering track of the 24th Annual Symposium on Applied Computing},
	number = {4},
	pages = {307-316},	
	url = {https://www.sciencedirect.com/science/article/pii/S0950584910002077},
	volume = {53},
	year = {2011},
	bdsk-url-1 = {https://www.sciencedirect.com/science/article/pii/S0950584910002077},
	bdsk-url-2 = {https://doi.org/10.1016/j.infsof.2010.11.006}
}
@article{fojtik2014,	
	author = {Rostislav Fojtik},
	doi = {https://doi.org/10.1016/j.sbspro.2014.07.493},
	issn = {1877-0428},
	journal = {Procedia - Social and Behavioral Sciences},
	keywords = {Design Patterns, object-first, object-oriented programming, teaching programming.},
	note = {3rd Cyprus International Conference on Educational Research, CY-ICER 2014, 30 January -- 1 February 2014, Lefkosa, North Cyprus},
	pages = {352-357},
	title = {Design Patterns in the Teaching of Programming},
	url = {https://www.sciencedirect.com/science/article/pii/S1877042814044218},
	volume = {143},
	year = {2014},
	bdsk-url-1 = {https://www.sciencedirect.com/science/article/pii/S1877042814044218},
	bdsk-url-2 = {https://doi.org/10.1016/j.sbspro.2014.07.493}
}
@article{lotz2014,	
    title = {A process model for developing learning design patterns with international scope},
	author = {Lotz, Nicole and Law, Effie Lai-Chong and Nguyen-Ngoc, Anh Vu},	
	doi = {10.1007/s11423-014-9333-x},		
	journal = {Educational Technology Research and Development},	
	pages = {293--314},	
	url = {https://doi.org/10.1007/s11423-014-9333-x},
	volume = {62},
	year = {2014},
	bdsk-url-1 = {https://doi.org/10.1007/s11423-014-9333-x},
    publisher={Springer}    
}
@book{bass2012software,
  title={Software architecture in practice},
  author={Bass, Len},
  year={2012},
  publisher={Pearson Education India}
}
@article{brooks1974mythical,
  title={The mythical man-month},
  author={Brooks, Frederick P},
  journal={Datamation},
  volume={20},
  number={12},
  pages={44--52},
  year={1974}
}
@book{cohn2005agile,
  title={Agile estimating and planning},
  author={Cohn, Mike},
  year={2005},
  publisher={Pearson Education}
}
@book{reinertsen1997managing,
  title={Managing the design factory},
  author={Reinertsen, Donald},
  year={1997},
  publisher={Simon and Schuster}
}

@article{silva2024using,
  title={Using Hypotheses to Manage Technical Uncertainty and Architecture Evolution in a Software Start-up},
  author={Silva, Kelson and Melegati, Jorge and Wang, Xiaofeng and Ferreira, Mauricio and Guerra, Eduardo},
  journal={IEEE Software},
  volume={41},
  number={4},
  pages={7--13},
  year={2024},
  publisher={IEEE}
}
@book{newman2015building,
  title={Building Microservices: Designing Fine-Grained Systems},
  author={Newman, S.},
  isbn={9781491950333},
  numpages={280},
  month=feb,
  year={2015},
  publisher={O'Reilly Media}
}
@misc{microservices2023,
  author    = {C. Richard},
  title     = {Microservice Architecture Essentials: Loose Coupling},
  year      = {2023},
  url       = {https://microservices.io/post/architecture/2023/03/28/microservice-architecture-essentials-loose-coupling.html},
  note      = {Accessed: October 07, 2024}
}

@misc{fowler2014,
  author    = {Martin Fowler and James Lewis},
  title     = {Microservices: a definition of this new architectural term},
  year      = {2014},
  url       = {https://martinfowler.com/articles/microservices.html},
  note      = {Accessed: October 07, 2024}
}

@article{dragoni2017microservices,
  title={Microservices: yesterday, today, and tomorrow},
  author={Dragoni, Nicola and Giazzi, Francesca and Lafuente, Alberto Lluch and Mazzara, Manuel and Montesi, Fabrizio and Mustafin, Ruslan and Safina, Larisa},
  journal={Present and ulterior software engineering},
  volume={100},
  pages={195--216},
  year={2017},
  publisher={Springer}
}

@article{balalaie2016microservices,
  title={Microservices architecture enables DevOps: Migration to a cloud-native architecture},
  author={Balalaie, Armin and Heydarnoori, Abbas and Jamshidi, Pooyan},
  journal={IEEE Software},
  volume={33},
  number={3},
  pages={42--52},
  year={2016},
  publisher={IEEE}
}

@book{richardson2018pattern,
  title={Microservices Patterns: With Examples in Java},
  author={Chris Richardson},
  year={2018},
  publisher={Manning Publications}
}

@book{evans2003domain,
  title={Domain-Driven Design: Tackling Complexity in the Heart of Software},
  author={Eric Evans},
  year={2003},
  publisher={Addison-Wesley Professional}
}

@article{jiang2021survey,
  title={A survey on deep learning for software engineering},
  author={Jiang, Shuqin and Zhang, Heng and Wang, Ting and Liu, Jie},
  journal={IEEE Transactions on Software Engineering},
  year={2021},
  publisher={IEEE}
}

@book{leto2020microfrontends,
  title={Building Micro-Frontends},
  author={Luca Mezzalira},
  year={2021},
  publisher={O'Reilly Media, Inc.}
}
@misc{microservices2022,
  author    = {C. Richard},
  title     = {Microservice Architecture Essentials: Deployability},
  year      = {2022},
  url       = {https://microservices.io/post/architecture/2022/05/04/microservice-architecture-essentials-deployability.html},
  note      = {Accessed: October 07, 2024}
}

@article{liu2023improving,
  title={Improving chatgpt prompt for code generation},
  author={Liu, Chao and Bao, Xuanlin and Zhang, Hongyu and Zhang, Neng and Hu, Haibo and Zhang, Xiaohong and Yan, Meng},
  journal={arXiv preprint arXiv:2305.08360},
  year={2023}
}
@incollection{white2024chatgpt,
  title={Chatgpt prompt patterns for improving code quality, refactoring, requirements elicitation, and software design},
  author={White, Jules and Hays, Sam and Fu, Quchen and Spencer-Smith, Jesse and Schmidt, Douglas C},
  booktitle={Generative AI for Effective Software Development},
  pages={71--108},
  year={2024},
  publisher={Springer}
}
@inproceedings{stojanovic2023application,
  title={The application of ChatGPT for identification of microservices},
  author={Stojanovic, Tatjana and Lazarevi{\'c}, Sa{\v{s}}a D},
  booktitle={E-business technologies conference proceedings},
  volume={3},
  number={1},
  pages={99--105},
  year={2023}
}

@article{meyer2023,	
	author = {Meyer, Jesse G. and Urbanowicz, Ryan J. and Martin, Patrick C. N. and O'Connor, Karen and Li, Ruowang and Peng, Pei-Chen and Bright, Tiffani J. and Tatonetti, Nicholas and Won, Kyoung Jae and Gonzalez-Hernandez, Graciela and Moore, Jason H.},
	date = {2023/07/13},
	date-added = {2024-10-07 19:26:14 -0300},
	date-modified = {2024-10-07 19:26:14 -0300},
	doi = {10.1186/s13040-023-00339-9},
	id = {Meyer2023},
	isbn = {1756-0381},
	journal = {BioData Mining},
	number = {1},
	pages = {20},
	title = {ChatGPT and large language models in academia: opportunities and challenges},
	url = {https://doi.org/10.1186/s13040-023-00339-9},
	volume = {16},
	year = {2023},
	bdsk-url-1 = {https://doi.org/10.1186/s13040-023-00339-9}
}

@INPROCEEDINGS{zhang2023,
  author={Zhang, Beiqi and Liu, Tianyang and Liang, Peng and Wang, Chong and Shahin, Mojtaba and Yu, Jiaxin},
  booktitle={2023 IEEE International Conference on Software Analysis, Evolution and Reengineering (SANER)}, 
  title={Architecture Decisions in AI-based Systems Development: An Empirical Study}, 
  year={2023},  
  pages={616-626},    
  doi={10.1109/SANER56733.2023.00063},
  ISSN={2640-7574},
  month={March}
}
@inproceedings{ayas2021,
author = {Ayas, Hamdy Michael and Leitner, Philipp and Hebig, Regina},
title = {Facing the Giant: a Grounded Theory Study of Decision-Making in Microservices Migrations},
year = {2021},
isbn = {9781450386654},
publisher = {Association for Computing Machinery},
address = {New York, NY, USA},
url = {https://doi.org/10.1145/3475716.3475792},
doi = {10.1145/3475716.3475792},
booktitle = {Proceedings of the 15th ACM / IEEE International Symposium on Empirical Software Engineering and Measurement (ESEM)},
articleno = {16},
numpages = {11},
keywords = {migration, microservices, interview study, grounded theory, decision-making},
location = {Bari, Italy},
series = {ESEM '21}
}
@InProceedings{zdun2018,
author="Zdun, Uwe
and Stocker, Mirko
and Zimmermann, Olaf
and Pautasso, Cesare
and L{\"u}bke, Daniel",
editor="Pahl, Claus
and Vukovic, Maja
and Yin, Jianwei
and Yu, Qi",
title="Guiding Architectural Decision Making on Quality Aspects in Microservice APIs",
booktitle="Service-Oriented Computing",
year="2018",
publisher="Springer International Publishing",
address="Cham",
pages="73--89",
isbn="978-3-030-03596-9"
}
@article{marshall1996sampling,
  title={Sampling for qualitative research},
  author={Marshall, Martin N.},
  journal={Family practice},
  volume={13},
  number={6},
  pages={522--526},
  year={1996},
  publisher={Oxford University Press}
}
